@article{Abdi2010,
author = {Abdi, Herv{\'{e}}},
doi = {10.1002/wics.51},
issn = {19395108},
journal = {Wiley Interdiscip. Rev. Comput. Stat.},
keywords = {multicollinearity,partial least squares,principal component analysis,projection to latent structures,singular value decomposition},
month = {jan},
number = {1},
pages = {97--106},
publisher = {John Wiley {\&} Sons, Ltd},
title = {{Partial least squares regression and projection on latent structure regression (PLS Regression)}},
url = {http://doi.wiley.com/10.1002/wics.51},
volume = {2},
year = {2010}
}
