@article{Acevedo-Triana2017,
author = {Acevedo-Triana, C. A. and Le{\'{o}}n, L. A. and Cardenas, F. P. and Cardenas, F. P.},
doi = {10.1155/2017/7138926},
issn = {2090-1852},
journal = {Neurol. Res. Int.},
pages = {1--14},
publisher = {Hindawi},
title = {{Comparing the Expression of Genes Related to Serotonin (5-HT) in C57BL/6J Mice and Humans Based on Data Available at the Allen Mouse Brain Atlas and Allen Human Brain Atlas}},
url = {https://www.hindawi.com/journals/nri/2017/7138926/},
volume = {2017},
year = {2017}
}
@book{Achacoso1992,
author = {Achacoso, Theodore B. and Yamamoto, William S. (William Shigeru)},
isbn = {9780849342349},
pages = {281},
publisher = {CRC Press},
title = {{AY's neuroanatomy of C. elegans for computation}},
url = {https://www.crcpress.com/Ays-Neuroanatomy-of-C-Elegans-for-Computation/Achacoso-Yamamoto/p/book/9780849342349},
year = {1992}
}
@article{Achard2012,
author = {Achard, S. and Delon-Martin, C. and Vertes, P. E. and Renard, F. and Schenck, M. and Schneider, F. and Heinrich, C. and Kremer, S. and Bullmore, E. T.},
doi = {10.1073/pnas.1208933109},
issn = {0027-8424},
journal = {Proc. Natl. Acad. Sci.},
number = {50},
pages = {20608--20613},
pmid = {23185007},
title = {{Hubs of brain functional networks are radically reorganized in comatose patients}},
url = {http://www.pnas.org/cgi/doi/10.1073/pnas.1208933109},
volume = {109},
year = {2012}
}
@article{Achard2006,
author = {Achard, S. and Salvador, Raymond and Whitcher, Brandon and Suckling, John and Bullmore, Ed},
doi = {10.1523/JNEUROSCI.3874-05.2006},
issn = {0270-6474},
journal = {J. Neurosci.},
number = {1},
pages = {63--72},
pmid = {16399673},
title = {{A Resilient, Low-Frequency, Small-World Human Brain Functional Network with Highly Connected Association Cortical Hubs}},
url = {http://www.jneurosci.org/cgi/doi/10.1523/JNEUROSCI.3874-05.2006},
volume = {26},
year = {2006}
}
@article{Adelstein2011,
author = {Adelstein, Jonathan S. and Shehzad, Zarrar and Mennes, Maarten and DeYoung, Colin G. and Zuo, Xi-Nian and Kelly, Clare and Margulies, Daniel S. and Bloomfield, Aaron and Gray, Jeremy R. and Castellanos, F. Xavier and Milham, Michael P.},
doi = {10.1371/journal.pone.0027633},
issn = {1932-6203},
journal = {PLOS One},
number = {11},
pages = {e27633},
publisher = {Public Library of Science},
title = {{Personality Is Reflected in the Brain's Intrinsic Functional Architecture}},
url = {https://dx.plos.org/10.1371/journal.pone.0027633},
volume = {6},
year = {2011}
}
@article{Agosta2013,
author = {Agosta, F. and Sala, S. and Valsasina, P. and Meani, A. and Canu, E. and Magnani, G. and Cappa, S. F. and Scola, E. and Quatto, P. and Horsfield, M. A. and Falini, A. and Comi, G. and Filippi, M.},
doi = {10.1212/WNL.0b013e31829a33f8},
issn = {0028-3878},
journal = {Neurology},
number = {2},
pages = {134--143},
pmid = {23719145},
title = {{Brain network connectivity assessed using graph theory in frontotemporal dementia}},
url = {http://www.neurology.org/cgi/doi/10.1212/WNL.0b013e31829a33f8},
volume = {81},
year = {2013}
}
@incollection{Akaike1998,
author = {Akaike, Hirotogu},
doi = {10.1007/978-1-4612-1694-0_15},
publisher = {Springer, New York, NY},
title = {{Information Theory and an Extension of the Maximum Likelihood Principle}},
url = {http://link.springer.com/10.1007/978-1-4612-1694-0{\_}15},
year = {1998}
}
@article{Albert2000,
author = {Albert, R{\'{e}}ka and Jeong, Hawoong and Barab{\'{a}}si, Albert-L{\'{a}}szl{\'{o}}},
doi = {10.1038/35019019},
issn = {0028-0836},
journal = {Nature},
number = {6794},
pages = {378--382},
publisher = {Nature Publishing Group},
title = {{Error and attack tolerance of complex networks}},
url = {http://www.nature.com/doifinder/10.1038/35019019},
volume = {406},
year = {2000}
}
@misc{AHBAdoc,
author = {{Allen Human Brain Atlas}},
booktitle = {Tech. white Pap. microarray data Norm.},
title = {{AHBA documentation}},
url = {http://help.brain-map.org/display/humanbrain/Documentation},
year = {2013}
}
@article{Alloza2018,
author = {Alloza, C. and Cox, S.R. and {Blesa C{\'{a}}bez}, M. and Redmond, P. and Whalley, H.C. and Ritchie, S.J. and {Mu{\~{n}}oz Maniega}, S. and {Vald{\'{e}}s Hern{\'{a}}ndez}, M. del C. and Tucker-Drob, E.M. and Lawrie, S.M. and Wardlaw, J.M. and Deary, I.J. and Bastin, M.E.},
doi = {10.1016/j.neuroimage.2018.08.075},
issn = {10538119},
journal = {Neuroimage},
pages = {884--896},
pmid = {30179718},
title = {{Polygenic risk score for schizophrenia and structural brain connectivity in older age: A longitudinal connectome and tractography study}},
url = { https://linkinghub.elsevier.com/retrieve/pii/S1053811918307730},
volume = {183},
year = {2018}
}
@article{Alstott2014,
archivePrefix = {arXiv},
arxivId = {arXiv:1402.4540v1},
author = {Alstott, Jeff and Panzarasa, Pietro and Rubinov, Mikail and Bullmore, Edward T. and V{\'{e}}rtes, Petra E.},
doi = {10.1038/srep07258},
isbn = {2045-2322},
issn = {20452322},
journal = {Sci. Rep.},
pages = {1--5},
pmid = {25435201},
title = {{A unifying framework for measuring weighted rich clubs}},
volume = {4},
year = {2014}
}
@article{WormAtlas,
author = {Altun, ZF and Herndon, LA and Wolkow, CA and Crocker, C and Lints, R and Hall, DH},
title = {{WormAtlas}},
url = {http://www.wormatlas.org},
year = {2017}
}
@article{Andersen1992,
author = {Andersen, Birgitte Bo and Korbo, Lise and Pakkenberg, Bente},
doi = {10.1002/cne.903260405},
issn = {0021-9967},
journal = {J. Comp. Neurol.},
number = {4},
pages = {549--560},
pmid = {1484123},
title = {{A quantitative study of the human cerebellum with unbiased stereological techniques}},
url = {http://doi.wiley.com/10.1002/cne.903260405},
volume = {326},
year = {1992}
}
@article{Anderson2018,
author = {Anderson, Kevin M. and Krienen, Fenna M. and Choi, Eun Young and Reinen, Jenna M. and Yeo, B. T. Thomas and Holmes, Avram J.},
doi = {10.1038/s41467-018-03811-x},
issn = {2041-1723},
journal = {Nat. Commun.},
number = {1},
pages = {1428},
publisher = {Nature Publishing Group},
title = {{Gene expression links functional networks across cortex and striatum}},
url = {http://www.nature.com/articles/s41467-018-03811-x},
volume = {9},
year = {2018}
}
@article{Arloth2015,
author = {Arloth, Janine and Bader, Daniel M. and R{\"{o}}h, Simone and Altmann, Andre},
doi = {10.1371/journal.pone.0139516},
editor = {Xue, Yu},
issn = {1932-6203},
journal = {PLOS One},
number = {10},
pages = {e0139516},
publisher = {Public Library of Science},
title = {{Re-Annotator: Annotation Pipeline for Microarray Probe Sequences}},
url = {http://dx.plos.org/10.1371/journal.pone.0139516},
volume = {10},
year = {2015}
}
@article{Arnatkeviciute2019,
author = {Arnatkevi\u{c}i\={u}t\.{e}, Aurina and Fulcher, Ben D. and Fornito, Alex},
doi = {10.1016/J.NEUROIMAGE.2019.01.011},
issn = {1053-8119},
journal = {Neuroimage},
publisher = {Academic Press},
title = {{A practical guide to linking brain-wide gene expression and neuroimaging data}},
url = {https://www.sciencedirect.com/science/article/pii/S1053811919300114?via%3Dihub},
year = {2019}
}
@article{Arnatkeviciute2018,
author = {Arnatkevi\u{c}i\={u}t\.{e}, Aurina and Fulcher, Ben D. and Pocock, Roger and Fornito, Alex},
doi = {10.1371/journal.pcbi.1005989},
editor = {Inman, Cory},
issn = {1553-7358},
journal = {PLOS Comput. Biol.},
number = {2},
pages = {e1005989},
publisher = {Public Library of Science},
title = {{Hub connectivity, neuronal diversity, and gene expression in the Caenorhabditis elegans connectome}},
url = {http://dx.plos.org/10.1371/journal.pcbi.1005989},
volume = {14},
year = {2018}
}
@article{Arslan2015,
author = {Arslan, Ayla},
doi = {10.1176/appi.neuropsych.13080185},
issn = {0895-0172},
journal = {J. Neuropsychiatry Clin. Neurosci.},
number = {2},
pages = {81--92},
publisher = {American Psychiatric AssociationArlington, VA},
title = {{Genes, Brains, and Behavior: Imaging Genetics for Neuropsychiatric Disorders}},
url = {http://psychiatryonline.org/doi/10.1176/appi.neuropsych.13080185},
volume = {27},
year = {2015}
}
@article{Ashburner2000,
author = {Ashburner, M and Ball, C A and Blake, J A and Botstein, D and Butler, H and Cherry, J M and Davis, A P and Dolinski, K and Dwight, S S and Eppig, J T and Harris, M A and Hill, D P and Issel-Tarver, L and Kasarskis, A and Lewis, S and Matese, J C and Richardson, J E and Ringwald, M and Rubin, G M and Sherlock, G and Consortium, Gene Ontology},
doi = {10.1038/75556},
eprint = {10614036},
issn = {1061-4036},
journal = {Nat. Genet.},
number = {1},
pages = {25--29},
pmid = {10802651},
title = {{Gene Ontology: Tool for The Unification of Biology}},
url = {http://www.nature.com/doifinder/10.1038/75556},
volume = {25},
year = {2000}
}
@article{Avena-Koenigsberger2017,
author = {Avena-Koenigsberger, Andrea and Misic, Bratislav and Sporns, Olaf},
doi = {10.1038/nrn.2017.149},
issn = {1471-003X},
journal = {Nat. Rev. Neurosci.},
number = {1},
pages = {17--33},
pmid = {29238085},
title = {{Communication dynamics in complex brain networks}},
url = {http://www.nature.com/doifinder/10.1038/nrn.2017.149},
volume = {19},
year = {2017}
}
@article{Ayoub2011,
author = {Ayoub, A. E. and Oh, S. and Xie, Y. and Leng, J. and Cotney, J. and Dominguez, M. H. and Noonan, J. P. and Rakic, P.},
doi = {10.1073/pnas.1112213108},
issn = {0027-8424},
journal = {Proc. Natl. Acad. Sci.},
number = {36},
pages = {14950--14955},
pmid = {21873192},
title = {{Transcriptional programs in transient embryonic zones of the cerebral cortex defined by high-resolution mRNA sequencing}},
url = {http://www.pnas.org/cgi/doi/10.1073/pnas.1112213108},
volume = {108},
year = {2011}
}
@article{Azulay2016,
author = {Azulay, Aharon and Itskovits, Eyal and Zaslaver, Alon},
doi = {10.1371/journal.pcbi.1005021},
editor = {Stelling, Jorg},
issn = {1553-7358},
journal = {PLOS Comput. Biol.},
month = {sep},
number = {9},
pages = {e1005021},
publisher = {Public Library of Science},
title = {{The C. elegans Connectome Consists of Homogenous Circuits with Defined Functional Roles}},
url = {https://dx.plos.org/10.1371/journal.pcbi.1005021},
volume = {12},
year = {2016}
}
@article{Baare2001,
author = {Baare, W. F.C. and {Hulshoff Pol}, Hilleke E. and Boomsma, Dorret I. and Posthuma, Dani{\"{e}}lle and de Geus, Eco J.C. and Schnack, Hugo G. and van Haren, Neeltje E.M. and van Oel, Clarine J. and Kahn, Ren{\'{e}} S.},
doi = {10.1093/cercor/11.9.816},
issn = {14602199},
journal = {Cereb. Cortex},
number = {9},
pages = {816--824},
publisher = {Oxford University Press},
title = {{Quantitative Genetic Modeling of Variation in Human Brain Morphology}},
url = {https://academic.oup.com/cercor/article-lookup/doi/10.1093/cercor/11.9.816},
volume = {11},
year = {2001}
}
@article{Baker2015a,
author = {Baker, Simon T E and Lubman, Dan I and Y{\"{u}}cel, Murat and Allen, Nicholas B and Whittle, Sarah and Fulcher, Ben D and Zalesky, Andrew and Fornito, Alex and Yucel, M and Allen, Nicholas B and Whittle, Sarah and Fulcher, Ben D and Zalesky, Andrew and Fornito, Alex},
doi = {10.1523/jneurosci.5043-14.2015},
isbn = {1529-2401 (Electronic)$\backslash$r0270-6474 (Linking)},
issn = {0270-6474},
journal = {J. Neurosci.},
month = {jun},
number = {24},
pages = {9078--9087},
pmid = {26085632},
title = {{Developmental Changes in Brain Network Hub Connectivity in Late Adolescence}},
url = {http://www.jneurosci.org/content/35/24/9078.abstract},
volume = {35},
year = {2015}
}
@article{Bakken2016,
author = {Bakken, Trygve E. and Miller, Jeremy A. and Ding, Song-Lin and Sunkin, Susan M. and Smith, Kimberly A. and Ng, Lydia and Szafer, Aaron and Dalley, Rachel A. and Royall, Joshua J. and Lemon, Tracy and Shapouri, Sheila and Aiona, Kaylynn and Arnold, James and Bennett, Jeffrey L. and Bertagnolli, Darren and Bickley, Kristopher and Boe, Andrew and Brouner, Krissy and Butler, Stephanie and Byrnes, Emi and Caldejon, Shiella and Carey, Anita and Cate, Shelby and Chapin, Mike and Chen, Jefferey and Dee, Nick and Desta, Tsega and Dolbeare, Tim A. and Dotson, Nadia and Ebbert, Amanda and Fulfs, Erich and Gee, Garrett and Gilbert, Terri L. and Goldy, Jeff and Gourley, Lindsey and Gregor, Ben and Gu, Guangyu and Hall, Jon and Haradon, Zeb and Haynor, David R. and Hejazinia, Nika and Hoerder-Suabedissen, Anna and Howard, Robert and Jochim, Jay and Kinnunen, Marty and Kriedberg, Ali and Kuan, Chihchau L. and Lau, Christopher and Lee, Chang-Kyu and Lee, Felix and Luong, Lon and Mastan, Naveed and May, Ryan and Melchor, Jose and Mosqueda, Nerick and Mott, Erika and Ngo, Kiet and Nyhus, Julie and Oldre, Aaron and Olson, Eric and Parente, Jody and Parker, Patrick D. and Parry, Sheana and Pendergraft, Julie and Potekhina, Lydia and Reding, Melissa and Riley, Zackery L. and Roberts, Tyson and Rogers, Brandon and Roll, Kate and Rosen, David and Sandman, David and Sarreal, Melaine and Shapovalova, Nadiya and Shi, Shu and Sjoquist, Nathan and Sodt, Andy J. and Townsend, Robbie and Velasquez, Lissette and Wagley, Udi and Wakeman, Wayne B. and White, Cassandra and Bennett, Crissa and Wu, Jennifer and Young, Rob and Youngstrom, Brian L. and Wohnoutka, Paul and Gibbs, Richard A. and Rogers, Jeffrey and Hohmann, John G. and Hawrylycz, Michael J. and Hevner, Robert F. and Moln{\'{a}}r, Zolt{\'{a}}n and Phillips, John W. and Dang, Chinh and Jones, Allan R. and Amaral, David G. and Bernard, Amy and Lein, Ed S.},
doi = {10.1038/nature18637},
file = {:Users/Aurina/Library/Application Support/Mendeley Desktop/Downloaded/Bakken et al. - 2016 - A comprehensive transcriptional map of primate brain development(2).pdf:pdf},
issn = {0028-0836},
journal = {Nature},
number = {7612},
pages = {367--375},
publisher = {Nature Publishing Group},
title = {{A comprehensive transcriptional map of primate brain development}},
url = {http://www.nature.com/articles/nature18637},
volume = {535},
year = {2016}
}
@article{Ball2014,
author = {Ball, Gareth and Aljabar, Paul and Zebari, Sally and Tusor, Nora and Arichi, Tomoki and Merchant, Nazakat and Robinson, Emma C and Ogundipe, Enitan and Rueckert, Daniel and Edwards, A David and Counsell, Serena J},
doi = {10.1073/pnas.1324118111},
issn = {1091-6490},
journal = {Proc. Natl. Acad. Sci.},
keywords = {brain development,connectome,preterm birth,tractography},
number = {20},
pages = {7456--61},
pmid = {24799693},
publisher = {National Academy of Sciences},
title = {{Rich-club organization of the newborn human brain.}},
url = {http://www.pubmedcentral.nih.gov/articlerender.fcgi?artid=PMC4034228},
volume = {111},
year = {2014}
}
@book{Barabasi2016,
author = {Barab\'{a}si, Albert-L\'{a}szl\'{o} and P\'{o}sfai, M\'{a}rton},
isbn = {9781107076266},
pages = {456},
title = {{Network science}},
url = {https://www.worldcat.org/title/network-science/oclc/910772793},
year = {2016}
}
@article{Baran1999,
author = {Baran, R and Aronoff, R and Garriga, G},
issn = {0950-1991},
journal = {Development},
number = {10},
pages = {2241--51},
pmid = {10207148},
title = {{The C. elegans homeodomain gene unc-42 regulates chemosensory and glutamate receptor expression.}},
url = {http://www.ncbi.nlm.nih.gov/pubmed/10207148},
volume = {126},
year = {1999}
}
@article{Barbas2015,
author = {Barbas, Helen},
doi = {10.1146/annurev-neuro-071714-033936},
issn = {0147-006X},
journal = {Annu. Rev. Neurosci.},
number = {1},
pages = {269--289},
publisher = { Annual Reviews },
title = {{General Cortical and Special Prefrontal Connections: Principles from Structure to Function}},
url = {http://www.annualreviews.org/doi/10.1146/annurev-neuro-071714-033936},
volume = {38},
year = {2015}
}
@article{Barbas,
author = {Barbas, H and Rempel-Clower, N},
issn = {1047-3211},
journal = {Cereb. Cortex},
number = {7},
pages = {635--46},
pmid = {9373019},
title = {{Cortical structure predicts the pattern of corticocortical connections.}},
url = {http://www.ncbi.nlm.nih.gov/pubmed/9373019},
volume = {7},
year = {1997}
}
@article{Baruch2008b,
author = {Baruch, Leehod and Itzkovitz, Shalev and Golan-Mashiach, Michal and Shapiro, Ehud and Segal, Eran},
doi = {10.1371/journal.pcbi.1000120},
issn = {1553-7358},
journal = {PLOS Comput. Biol.},
number = {7},
pages = {e1000120},
pmid = {18711638},
publisher = {Public Library of Science},
title = {{Using Expression Profiles of Caenorhabditis elegans Neurons To Identify Genes That Mediate Synaptic Connectivity}},
url = {http://dx.plos.org/10.1371/journal.pcbi.1000120},
volume = {4},
year = {2008}
}
@article{Bassett2006,
author = {Bassett, Danielle Smith and Bullmore, Ed},
doi = {10.1177/1073858406293182},
issn = {1073-8584},
journal = {Neurosci.},
keywords = {Animals,Brain,Brain Mapping,Brain: anatomy {\&} histology,Brain: physiology,Humans,Models,Nerve Net,Nerve Net: anatomy {\&} histology,Nerve Net: physiology,Neurological},
month = {dec},
number = {6},
pages = {512--23},
pmid = {17079517},
title = {{Small-world brain networks.}},
url = {https://www.ncbi.nlm.nih.gov/pubmed/17079517},
volume = {12},
year = {2006}
}
@article{Bassett2009a,
author = {Bassett, Danielle S and Bullmore, Edward T},
doi = {10.1097/WCO.0b013e32832d93dd},
issn = {1350-7540},
journal = {Curr. Opin. Neurol.},
number = {4},
pages = {340--347},
pmid = {19494774},
title = {{Human brain networks in health and disease}},
url = {http://www.ncbi.nlm.nih.gov/pubmed/19494774},
volume = {22},
year = {2009}
}
@article{Bassett2017,
author = {Bassett, Danielle S. and Bullmore, Edward T.},
doi = {10.1177/1073858416667720},
issn = {1073-8584},
journal = {Neurosci.},
number = {5},
pages = {499--516},
publisher = {SAGE PublicationsSage CA: Los Angeles, CA},
title = {{Small-World Brain Networks Revisited}},
url = {http://journals.sagepub.com/doi/10.1177/1073858416667720},
volume = {23},
year = {2017}
}
@article{Bassett2010,
author = {Bassett, Danielle S. and Greenfield, Daniel L. and Meyer-Lindenberg, Andreas and Weinberger, Daniel R. and Moore, Simon W. and Bullmore, Edward T.},
doi = {10.1371/journal.pcbi.1000748},
editor = {Friston, Karl J.},
issn = {1553-7358},
journal = {PLOS Comput. Biol.},
month = {apr},
number = {4},
pages = {e1000748},
publisher = {Public Library of Science},
title = {{Efficient Physical Embedding of Topologically Complex Information Processing Networks in Brains and Computer Circuits}},
url = {http://dx.plos.org/10.1371/journal.pcbi.1000748},
volume = {6},
year = {2010}
}
@article{Batalle2017,
author = {Batalle, Dafnis and Hughes, Emer J. and Zhang, Hui and Tournier, J.-Donald and Tusor, Nora and Aljabar, Paul and Wali, Luqman and Alexander, Daniel C. and Hajnal, Joseph V. and Nosarti, Chiara and Edwards, A. David and Counsell, Serena J.},
doi = {10.1016/j.neuroimage.2017.01.065},
issn = {10538119},
journal = {Neuroimage},
pages = {379--392},
pmid = {28153637},
title = {{Early development of structural networks and the impact of prematurity on brain connectivity}},
url = {https://linkinghub.elsevier.com/retrieve/pii/S1053811917300885},
volume = {149},
year = {2017}
}
@article{Belgard2011,
author = {Belgard, T. Grant and Marques, Ana C. and Oliver, Peter L. and Abaan, Hatice Ozel and Sirey, Tamara M. and Hoerder-Suabedissen, Anna and Garc{\'{i}}a-Moreno, Fernando and Moln{\'{a}}r, Zolt{\'{a}}n and Margulies, Elliott H. and Ponting, Chris P.},
doi = {10.1016/j.neuron.2011.06.039},
issn = {08966273},
journal = {Neuron},
month = {aug},
number = {4},
pages = {605--616},
pmid = {21867878},
title = {{A Transcriptomic Atlas of Mouse Neocortical Layers}},
url = {http://linkinghub.elsevier.com/retrieve/pii/S0896627311006015},
volume = {71},
year = {2011}
}
@article{Benjamini1995,
author = {Benjamini, Y and Hochberg, Y},
journal = {J. R. Stat. Soc. Ser. B},
number = {1},
pages = {289--300},
title = {{Controlling the False Discovery Rate : A Practical and Powerful Approach to Multiple Testing}},
volume = {57},
year = {1995}
}
@article{Berchtold2008,
author = {Berchtold, Nicole C and Cribbs, David H and Coleman, Paul D and Rogers, Joseph and Head, Elizabeth and Kim, Ronald and Beach, Tom and Miller, Carol and Troncoso, Juan and Trojanowski, John Q and Zielke, H Ronald and Cotman, Carl W},
doi = {10.1073/pnas.0806883105},
issn = {1091-6490},
journal = {Proc. Natl. Acad. Sci.},
month = {oct},
number = {40},
pages = {15605--10},
pmid = {18832152},
publisher = {National Academy of Sciences},
title = {{Gene expression changes in the course of normal brain aging are sexually dimorphic.}},
url = {http://www.ncbi.nlm.nih.gov/pubmed/18832152},
volume = {105},
year = {2008}
}
@article{Betzel2016,
author = {Betzel, Richard F. and Avena-Koenigsberger, Andrea and Go{\~{n}}i, Joaqu{\'{i}}n and He, Ye and de Reus, Marcel A. and Griffa, Alessandra and V{\'{e}}rtes, Petra E. and Mi{\v{s}}ic, Bratislav and Thiran, Jean-Philippe and Hagmann, Patric and van den Heuvel, Martijn and Zuo, Xi-Nian and Bullmore, Edward T. and Sporns, Olaf},
doi = {10.1016/j.neuroimage.2015.09.041},
issn = {10538119},
journal = {Neuroimage},
pages = {1054--1064},
title = {{Generative models of the human connectome}},
url = {http://www.sciencedirect.com/science/article/pii/S1053811915008563},
volume = {124},
year = {2016}
}
@article{Betzel2017,
author = {Betzel, Richard F. and Bassett, Danielle S.},
doi = {10.1016/J.NEUROIMAGE.2016.11.006},
issn = {1053-8119},
journal = {Neuroimage},
month = {oct},
pages = {73--83},
publisher = {Academic Press},
title = {{Multi-scale brain networks}},
url = {https://www.sciencedirect.com/science/article/pii/S1053811916306152?via%3Dihub},
volume = {160},
year = {2017}
}
@article{Betzel2018,
author = {Betzel, Richard F and Bassett, Danielle S},
doi = {10.1073/pnas.1720186115},
issn = {1091-6490},
journal = {Proc. Natl. Acad. Sci.},
number = {21},
pages = {E4880--E4889},
pmid = {29739890},
publisher = {National Academy of Sciences},
title = {{Specificity and robustness of long-distance connections in weighted, interareal connectomes.}},
url = {http://www.ncbi.nlm.nih.gov/pubmed/29739890},
volume = {115},
year = {2018}
}
@article{Beul2017,
author = {Beul, Sarah F. and Barbas, Helen and Hilgetag, Claus C.},
doi = {10.1038/srep43176},
issn = {2045-2322},
journal = {Sci. Rep.},
keywords = {Computational neuroscience,Neural circuits},
number = {1},
pages = {43176},
publisher = {Nature Publishing Group},
title = {{A Predictive Structural Model of the Primate Connectome}},
url = {http://www.nature.com/articles/srep43176},
volume = {7},
year = {2017}
}
@article{Birdsill2011,
author = {Birdsill, Alex C. and Walker, Douglas G. and Lue, LihFen and Sue, Lucia I. and Beach, Thomas G.},
doi = {10.1007/s10561-010-9210-8},
issn = {1389-9333},
journal = {Cell Tissue Bank.},
month = {nov},
number = {4},
pages = {311--318},
pmid = {20703815},
title = {{Postmortem interval effect on RNA and gene expression in human brain tissue}},
url = {http://link.springer.com/10.1007/s10561-010-9210-8},
volume = {12},
year = {2011}
}
@article{Blondel2008,
author = {Blondel, Vincent D and Guillaume, Jean-Loup and Lambiotte, Renaud and Lefebvre, Etienne},
doi = {10.1088/1742-5468/2008/10/P10008},
issn = {1742-5468},
journal = {J. Stat. Mech. Theory Exp.},
month = {oct},
number = {10},
pages = {P10008},
publisher = {IOP Publishing},
title = {{Fast unfolding of communities in large networks}},
url = {https://iopscience.iop.org/article/10.1088/1742-5468/2008/10/P10008/meta},
volume = {2008},
year = {2008}
}
@article{Bohlken2014,
author = {Bohlken, Marc M. and Mandl, Ren{\'{e}} C.W. and Brouwer, Rachel M. and van den Heuvel, Martijn P. and Hedman, Anna M. and Kahn, Ren{\'{e}} S. and {Hulshoff Pol}, Hilleke E.},
doi = {10.1002/hbm.22550},
issn = {10659471},
journal = {Hum. Brain Mapp.},
number = {10},
pages = {5295--5305},
title = {{Heritability of structural brain network topology: A DTI study of 156 twins}},
url = {http://doi.wiley.com/10.1002/hbm.22550},
volume = {35},
year = {2014}
}
@article{Boker2011,
author = {Boker, Steven and Neale, Michael and Maes, Hermine and Wilde, Michael and Spiegel, Michael and Brick, Timothy and Spies, Jeffrey and Estabrook, Ryne and Kenny, Sarah and Bates, Timothy and Mehta, Paras and Fox, John},
doi = {10.1007/s11336-010-9200-6},
issn = {1860-0980},
journal = {Psychometrika},
number = {2},
pages = {306--317},
pmid = {23258944},
title = {{OpenMx: An Open Source Extended Structural Equation Modeling Framework.}},
url = {https://link.springer.com/article/10.1007/s11336-010-9200-6},
volume = {76},
year = {2011}
}
@article{Bota2015,
author = {Bota, Mihail and Sporns, Olaf and Swanson, Larry W.},
doi = {10.1073/pnas.1504394112},
issn = {0027-8424},
journal = {Proc. Natl. Acad. Sci.},
number = {16},
pages = {E2093--E2101},
pmid = {25848037},
title = {{Architecture of the cerebral cortical association connectome underlying cognition}},
url = {http://www.pnas.org/lookup/doi/10.1073/pnas.1504394112},
volume = {112},
year = {2015}
}
@article{Bouhrara2016,
author = {Bouhrara, Mustapha and Spencer, Richard G.},
doi = {10.1016/j.neuroimage.2015.10.034},
issn = {10538119},
journal = {Neuroimage},
pages = {456--471},
pmid = {26499810},
title = {{Improved determination of the myelin water fraction in human brain using magnetic resonance imaging through Bayesian analysis of mcDESPOT}},
url = {https://linkinghub.elsevier.com/retrieve/pii/S1053811915009453},
volume = {127},
year = {2016}
}
@article{Braskie2012,
author = {Braskie, Meredith N and Jahanshad, Neda and Stein, Jason L and Barysheva, Marina and Johnson, Kori and McMahon, Katie L and de Zubicaray, Greig I and Martin, Nicholas G and Wright, Margaret J and Ringman, John M and Toga, Arthur W and Thompson, Paul M},
doi = {10.1523/JNEUROSCI.5561-11.2012},
issn = {1529-2401},
journal = {J. Neurosci.},
month = {apr},
number = {17},
pages = {5964--72},
pmid = {22539856},
title = {{Relationship of a variant in the NTRK1 gene to white matter microstructure in young adults.}},
url = {http://www.ncbi.nlm.nih.gov/pubmed/22539856},
volume = {32},
year = {2012}
}
@article{Brown2011,
author = {Brown, J. A. and Terashima, K. H. and Burggren, A. C. and Ercoli, L. M. and Miller, K. J. and Small, G. W. and Bookheimer, S. Y.},
doi = {10.1073/pnas.1109038108},
issn = {0027-8424},
journal = {Proc. Natl. Acad. Sci.},
month = {dec},
number = {51},
pages = {20760--20765},
pmid = {22106308},
title = {{Brain network local interconnectivity loss in aging APOE-4 allele carriers}},
url = {http://www.pnas.org/cgi/doi/10.1073/pnas.1109038108},
volume = {108},
year = {2011}
}
@article{Bruder2008,
author = {Bruder, Carl E.G. and Piotrowski, Arkadiusz and Gijsbers, Antoinet A.C.J. and Andersson, Robin and Erickson, Stephen and {Diaz de St{\aa}hl}, Teresita and Menzel, Uwe and Sandgren, Johanna and von Tell, Desiree and Poplawski, Andrzej and Crowley, Michael and Crasto, Chiquito and Partridge, E. Christopher and Tiwari, Hemant and Allison, David B. and Komorowski, Jan and van Ommen, Gert-Jan B. and Boomsma, Dorret I. and Pedersen, Nancy L. and den Dunnen, Johan T. and Wirdefeldt, Karin and Dumanski, Jan P.},
doi = {10.1016/j.ajhg.2007.12.011},
issn = {00029297},
journal = {Am. J. Hum. Genet.},
month = {mar},
number = {3},
pages = {763--771},
pmid = {18304490},
title = {{Phenotypically Concordant and Discordant Monozygotic Twins Display Different DNA Copy-Number-Variation Profiles}},
url = {http://www.ncbi.nlm.nih.gov/pubmed/18304490},
volume = {82},
year = {2008}
}
@article{Buckner2009,
author = {Buckner, Randy L and Sepulcre, Jorge and Talukdar, Tanveer and Krienen, Fenna M and Liu, Hesheng and Hedden, Trey and Andrews-Hanna, Jessica R and Sperling, Reisa A and Johnson, Keith A},
doi = {10.1523/JNEUROSCI.5062-08.2009},
issn = {1529-2401},
journal = {J. Neurosci.},
number = {6},
pages = {1860--73},
pmid = {19211893},
publisher = {Society for Neuroscience},
title = {{Cortical hubs revealed by intrinsic functional connectivity: mapping, assessment of stability, and relation to Alzheimer's disease.}},
url = {http://www.ncbi.nlm.nih.gov/pubmed/19211893},
volume = {29},
year = {2009}
}
@article{Bullmore1997,
author = {Bullmore, E.T. and Frangou, S. and Murray, R.M.},
doi = {10.1016/S0920-9964(97)00114-X},
issn = {09209964},
journal = {Schizophr. Res.},
number = {2-3},
pages = {143--156},
publisher = {Elsevier},
title = {{The dysplastic net hypothesis: an integration of developmental and dysconnectivity theories of schizophrenia}},
url = {http://linkinghub.elsevier.com/retrieve/pii/S092099649700114X},
volume = {28},
year = {1997}
}
@article{Bullmore2009,
author = {Bullmore, Ed and Sporns, Olaf},
doi = {10.1038/nrn2575},
journal = {Nat. Rev. Neurosci.},
pages = {186--198},
title = {{Complex brain networks: graph theoretical analysis of structural and functional systems}},
volume = {10},
year = {2009}
}
@article{Bullmore2012,
author = {Bullmore, Ed and Sporns, Olaf},
doi = {10.1038/nrn3214},
issn = {1471-0048},
journal = {Nat. Rev. Neurosci.},
number = {5},
pages = {336--49},
pmid = {22498897},
title = {{The economy of brain network organization.}},
url = {http://www.ncbi.nlm.nih.gov/pubmed/22498897},
volume = {13},
year = {2012}
}
@article{Burt2018,
author = {Burt, Joshua B. and Demirtaş, Murat and Eckner, William J. and Navejar, Natasha M. and Ji, Jie Lisa and Martin, William J. and Bernacchia, Alberto and Anticevic, Alan and Murray, John D.},
doi = {10.1038/s41593-018-0195-0},
issn = {1097-6256},
journal = {Nat. Neurosci.},
month = {sep},
number = {9},
pages = {1251--1259},
pmid = {30082915},
title = {{Hierarchy of transcriptomic specialization across human cortex captured by structural neuroimaging topography}},
url = {http://www.nature.com/articles/s41593-018-0195-0},
volume = {21},
year = {2018}
}
@article{Burt2017,
author = {Burt, Josh B. and Demirtas, Murat and Eckner, William J. and Navejar, Natasha M. and Ji, Jie Lisa and Martin, William J. and Bernacchia, Alberto and Anticevic, Alan and Murray, John D.},
doi = {10.1101/199703},
journal = {bioRxiv},
pages = {199703},
title = {{Hierarchy of transcriptomic specialization across human cortex captured by myelin map topography}},
url = {https://www.biorxiv.org/content/early/2017/10/07/199703},
year = {2017}
}
@article{Bush2012,
author = {Bush, William S and Moore, Jason H},
doi = {10.1371/journal.pcbi.1002822},
issn = {1553-7358},
journal = {PLOS Comput. Biol.},
number = {12},
pages = {e1002822},
pmid = {23300413},
publisher = {Public Library of Science},
title = {{Chapter 11: Genome-wide association studies.}},
url = {http://www.ncbi.nlm.nih.gov/pubmed/23300413},
volume = {8},
year = {2012}
}
@article{Buzsaki2004,
author = {Buzs{\'{a}}ki, Gy{\"{o}}rgy and Draguhn, Andreas},
doi = {10.1126/science.1099745},
issn = {1095-9203},
journal = {Science},
number = {5679},
pages = {1926--9},
pmid = {15218136},
publisher = {American Association for the Advancement of Science},
title = {{Neuronal oscillations in cortical networks.}},
url = {http://www.ncbi.nlm.nih.gov/pubmed/15218136},
volume = {304},
year = {2004}
}
@article{Buzsaki2004a,
author = {Buzs{\'{a}}ki, Gy{\"{o}}rgy and Geisler, Caroline and Henze, Darrell A. and Wang, Xiao-Jing},
doi = {10.1016/j.tins.2004.02.007},
issn = {01662236},
journal = {Trends Neurosci.},
month = {apr},
number = {4},
pages = {186--193},
pmid = {15046877},
title = {{Interneuron Diversity series: Circuit complexity and axon wiring economy of cortical interneurons}},
url = {http://linkinghub.elsevier.com/retrieve/pii/S0166223604000645},
volume = {27},
year = {2004}
}
@article{Cao2017,
author = {Cao, Junyue and Packer, Jonathan S and Ramani, Vijay and Cusanovich, Darren A and Huynh, Chau and Daza, Riza and Qiu, Xiaojie and Lee, Choli and Furlan, Scott N and Steemers, Frank J and Adey, Andrew and Waterston, Robert H and Trapnell, Cole and Shendure, Jay},
doi = {10.1126/science.aam8940},
issn = {1095-9203},
journal = {Science},
number = {6352},
pages = {661--667},
pmid = {28818938},
publisher = {American Association for the Advancement of Science},
title = {{Comprehensive single-cell transcriptional profiling of a multicellular organism.}},
url = {http://www.ncbi.nlm.nih.gov/pubmed/28818938},
volume = {357},
year = {2017}
}
@article{Cao2016,
author = {Cao, Miao and Huang, Hao and Peng, Yun and Dong, Qi and He, Yong},
doi = {10.3389/fnana.2016.00025},
issn = {1662-5129},
journal = {Front. Neuroanat.},
pages = {25},
pmid = {27064378},
publisher = {Frontiers Media SA},
title = {{Toward Developmental Connectomics of the Human Brain.}},
url = {http://www.ncbi.nlm.nih.gov/pubmed/27064378},
volume = {10},
year = {2016}
}
@article{Cassata2000,
author = {Cassata, G and Kagoshima, H and Andachi, Y and Kohara, Y and D{\"{u}}rrenberger, M B and Hall, D H and B{\"{u}}rglin, T R},
issn = {0896-6273},
journal = {Neuron},
number = {3},
pages = {587--97},
pmid = {10774727},
title = {{The LIM homeobox gene ceh-14 confers thermosensory function to the AFD neurons in Caenorhabditis elegans.}},
url = {http://www.ncbi.nlm.nih.gov/pubmed/10774727},
volume = {25},
year = {2000}
}
@article{Charney2017,
author = {Charney, Evan},
doi = {10.1002/wcs.1405},
issn = {19395078},
journal = {Wiley Interdiscip. Rev. Cogn. Sci.},
number = {1-2},
pages = {e1405},
publisher = {John Wiley {\&} Sons, Ltd},
title = {{Genes, behavior, and behavior genetics}},
url = {http://doi.wiley.com/10.1002/wcs.1405},
volume = {8},
year = {2017}
}
@article{Chen2006,
author = {Chen, B. L. and Hall, D. H. and Chklovskii, D. B.},
doi = {10.1073/pnas.0506806103},
issn = {0027-8424},
journal = {Proc. Natl. Acad. Sci.},
month = {mar},
number = {12},
pages = {4723--4728},
pmid = {16537428},
title = {{Wiring optimization can relate neuronal structure and function}},
url = {http://www.pnas.org/cgi/doi/10.1073/pnas.0506806103},
volume = {103},
year = {2006}
}
@article{Chen2016,
author = {Chen, Lei and Chu, Chen and Zhang, Yu-Hang and Zhu, Changming and Kong, Xiangyin and Huang, Tao and Cai, Yu-Dong},
doi = {10.1371/journal.pone.0159395},
issn = {1932-6203},
journal = {PLOS One},
number = {7},
pages = {e0159395},
pmid = {27434030},
publisher = {Public Library of Science},
title = {{Analysis of Gene Expression Profiles in the Human Brain Stem, Cerebellum and Cerebral Cortex.}},
url = {http://www.ncbi.nlm.nih.gov/pubmed/27434030},
volume = {11},
year = {2016}
}
@article{Cherniak1994,
author = {Cherniak, C},
issn = {0270-6474},
journal = {J. Neurosci.},
number = {4},
pages = {2418--27},
pmid = {8158278},
title = {{Component placement optimization in the brain.}},
url = {http://www.ncbi.nlm.nih.gov/pubmed/8158278},
volume = {14},
year = {1994}
}
@article{Cherniak1999,
author = {Cherniak, C and Changizi, M and Kang, D},
issn = {1063-651X},
journal = {Phys. Rev. E.},
month = {may},
pages = {6001--9},
pmid = {11969583},
title = {{Large-scale optimization of neuron arbors.}},
url = {https://link.aps.org/doi/10.1103/PhysRevE.59.6001},
volume = {59},
year = {1999}
}
@article{Cherniak2004,
author = {Cherniak, Christopher and Mokhtarzada, Zekeria and Rodriguez-Esteban, Raul and Changizi, Kelly},
doi = {10.1073/pnas.0305212101},
issn = {0027-8424},
journal = {Proc. Natl. Acad. Sci.},
number = {4},
pages = {1081--6},
pmid = {14722353},
publisher = {National Academy of Sciences},
title = {{Global optimization of cerebral cortex layout.}},
url = {http://www.ncbi.nlm.nih.gov/pubmed/14722353},
volume = {101},
year = {2004}
}
@article{Chiang2011a,
author = {Chiang, Ann Shyn and Lin, Chih Yung and Chuang, Chao Chun and Chang, Hsiu Ming and Hsieh, Chang Huain and Yeh, Chang Wei and Shih, Chi Tin and Wu, Jian Jheng and Wang, Guo Tzau and Chen, Yung Chang and Wu, Cheng Chi and Chen, Guan Yu and Ching, Yu Tai and Lee, Ping Chang and Lin, Chih Yang and Lin, Hui Hao and Wu, Chia Chou and Hsu, Hao Wei and Huang, Yun Ann and Chen, Jing Yi and Chiang, Hsin Jung and Lu, Chun Fang and Ni, Ru Fen and Yeh, Chao Yuan and Hwang, Jenn Kang},
doi = {10.1016/j.cub.2010.11.056},
isbn = {1879-0445 (Electronic)$\backslash$n0960-9822 (Linking)},
issn = {09609822},
journal = {Curr. Biol.},
number = {1},
pages = {1--11},
pmid = {21129968},
title = {{Three-dimensional reconstruction of brain-wide wiring networks in drosophila at single-cell resolution}},
url = {https://linkinghub.elsevier.com/retrieve/pii/S0960982210015228},
volume = {21},
year = {2011}
}
@article{Chiang2009,
author = {Chiang, Ming-Chang and Barysheva, Marina and Shattuck, David W and Lee, Agatha D and Madsen, Sarah K and Avedissian, Christina and Klunder, Andrea D and Toga, Arthur W and McMahon, Katie L and de Zubicaray, Greig I and Wright, Margaret J and Srivastava, Anuj and Balov, Nikolay and Thompson, Paul M},
doi = {10.1523/JNEUROSCI.4184-08.2009},
issn = {1529-2401},
journal = {J. Neurosci.},
number = {7},
pages = {2212--24},
pmid = {19228974},
publisher = {Society for Neuroscience},
title = {{Genetics of brain fiber architecture and intellectual performance.}},
url = {http://www.ncbi.nlm.nih.gov/pubmed/19228974},
volume = {29},
year = {2009}
}
@article{Chiang2011a,
author = {Chiang, Ann Shyn and Lin, Chih Yung and Chuang, Chao Chun and Chang, Hsiu Ming and Hsieh, Chang Huain and Yeh, Chang Wei and Shih, Chi Tin and Wu, Jian Jheng and Wang, Guo Tzau and Chen, Yung Chang and Wu, Cheng Chi and Chen, Guan Yu and Ching, Yu Tai and Lee, Ping Chang and Lin, Chih Yang and Lin, Hui Hao and Wu, Chia Chou and Hsu, Hao Wei and Huang, Yun Ann and Chen, Jing Yi and Chiang, Hsin Jung and Lu, Chun Fang and Ni, Ru Fen and Yeh, Chao Yuan and Hwang, Jenn Kang},
doi = {10.1016/j.cub.2010.11.056},
isbn = {1879-0445 (Electronic)$\backslash$n0960-9822 (Linking)},
issn = {09609822},
journal = {Curr. Biol.},
number = {1},
pages = {1--11},
pmid = {21129968},
title = {{Three-dimensional reconstruction of brain-wide wiring networks in drosophila at single-cell resolution}},
url = {https://linkinghub.elsevier.com/retrieve/pii/S0960982210015228},
volume = {21},
year = {2011}
}
@article{Chklovskii2002,
author = {Chklovskii, Dmitri B. and Schikorski, Thomas and Stevens, Charles F.},
doi = {10.1016/S0896-6273(02)00679-7},
issn = {08966273},
journal = {Neuron},
number = {3},
pages = {341--347},
title = {{Wiring Optimization in Cortical Circuits}},
volume = {34},
year = {2002}
}
@article{Choe2004,
author = {Choe, Y and McCormick, B and Koh W},
journal = {Soc. Neurosci. Abstr.},
pages = {921.9},
pmid = {29739890},
publisher = {National Academy of Sciences},
title = {{Network connectivity analysis on the temporally augmented C. elegans web: A pilot study.}},
volume = {30},
year = {2004}
}
@article{Choi2007,
author = {Choi, Jung Kyoon and Kim, Sang Cheol},
doi = {10.1534/genetics.106.069047},
issn = {0016-6731},
journal = {Genetics},
number = {4},
pages = {1607--13},
pmid = {17237506},
publisher = {Genetics Society of America},
title = {{Environmental effects on gene expression phenotype have regional biases in the human genome.}},
url = {http://www.ncbi.nlm.nih.gov/pubmed/17237506},
volume = {175},
year = {2007}
}
@article{Choi2015,
author = {Choi, Seungwon and Taylor, Kelsey P and Chatzigeorgiou, Marios and Hu, Zhitao and Schafer, William R and Kaplan, Joshua M},
doi = {10.1371/journal.pgen.1005359},
issn = {1553-7404},
journal = {PLOS Genet.},
month = {jul},
number = {7},
pages = {e1005359},
pmid = {26154367},
publisher = {Public Library of Science},
title = {{Sensory Neurons Arouse C. elegans Locomotion via Both Glutamate and Neuropeptide Release.}},
url = {http://www.ncbi.nlm.nih.gov/pubmed/26154367 http://www.pubmedcentral.nih.gov/articlerender.fcgi?artid=PMC4495980},
volume = {11},
year = {2015}
}
@article{Ciceri2013,
author = {Ciceri, Gabriele and Dehorter, Nathalie and Sols, Ignasi and Huang, Z Josh and Maravall, Miguel and Mar{\'{i}}n, Oscar},
doi = {10.1038/nn.3485},
issn = {1097-6256},
journal = {Nat. Neurosci.},
number = {9},
pages = {1199--1210},
publisher = {Nature Research},
title = {{Lineage-specific laminar organization of cortical GABAergic interneurons}},
url = {http://www.nature.com/doifinder/10.1038/nn.3485},
volume = {16},
year = {2013}
}
@article{Cioli2014b,
author = {Cioli, Claudia and Abdi, Herv{\'{e}} and Beaton, Derek and Burnod, Yves and Mesmoudi, Salma},
doi = {10.1371/journal.pone.0115913},
issn = {1932-6203},
journal = {PLOS One},
keywords = {Cerebral Cortex,Cerebral Cortex: metabolism,Discriminant Analysis,Gene Expression Profiling,Gene Expression Regulation,Gene Regulatory Networks,Humans,Ion Channels,Ion Channels: metabolism,Neurons,Neurons: metabolism,Neurotransmitter Agents,Neurotransmitter Agents: secretion,Open Reading Frames,Open Reading Frames: genetics,Time Factors},
number = {12},
pages = {e115913},
pmid = {25546015},
publisher = {Public Library of Science},
title = {{Differences in human cortical gene expression match the temporal properties of large-scale functional networks.}},
url = {http://journals.plos.org/plosone/article?id=10.1371/journal.pone.0115913},
volume = {9},
year = {2014}
}
@article{Ciric2017,
author = {Ciric, Rastko and Wolf, Daniel H. and Power, Jonathan D. and Roalf, David R. and Baum, Graham L. and Ruparel, Kosha and Shinohara, Russell T. and Elliott, Mark A. and Eickhoff, Simon B. and Davatzikos, Christos and Gur, Ruben C. and Gur, Raquel E. and Bassett, Danielle S. and Satterthwaite, Theodore D.},
doi = {10.1016/J.NEUROIMAGE.2017.03.020},
issn = {1053-8119},
journal = {Neuroimage},
pages = {174--187},
publisher = {Academic Press},
title = {{Benchmarking of participant-level confound regression strategies for the control of motion artifact in studies of functional connectivity}},
url = {https://www.sciencedirect.com/science/article/pii/S1053811917302288?via{\%}3Dihub},
volume = {154},
year = {2017}
}
@article{Colantuoni2011,
author = {Colantuoni, Carlo and Lipska, Barbara K and Ye, Tianzhang and Hyde, Thomas M and Tao, Ran and Leek, Jeffrey T and Colantuoni, Elizabeth A and Elkahloun, Abdel G and Herman, Mary M and Weinberger, Daniel R and Kleinman, Joel E},
doi = {10.1038/nature10524},
journal = {Nature},
pages = {519--23},
title = {{Temporal dynamics and genetic control of transcription in the human prefrontal cortex}},
url = {https://www.nature.com/nature/journal/v478/n7370/pdf/nature10524.pdf},
volume = {478},
year = {2011}
}
@article{Colclough2017,
author = {Colclough, Giles L and Smith, Stephen M and Nichols, Thomas E and Winkler, Anderson M and Sotiropoulos, Stamatios N and Glasser, Matthew F and {Van Essen}, David C and Woolrich, Mark W},
doi = {10.7554/eLife.20178},
issn = {2050-084X},
journal = {Elife},
month = {jul},
pages = {e20178},
publisher = {eLife Sciences Publications Limited},
title = {{The heritability of multi-modal connectivity in human brain activity}},
url = {http://elifesciences.org/lookup/doi/10.7554/eLife.20178},
volume = {6},
year = {2017}
}
@article{Cole2012,
author = {Cole, Michael W and Yarkoni, Tal and Repovs, Grega and Anticevic, Alan and Braver, Todd S},
doi = {10.1523/JNEUROSCI.0536-12.2012},
issn = {1529-2401},
journal = {J. Neurosci.},
number = {26},
pages = {8988--99},
pmid = {22745498},
publisher = {Society for Neuroscience},
title = {{Global connectivity of prefrontal cortex predicts cognitive control and intelligence.}},
url = {http://www.ncbi.nlm.nih.gov/pubmed/22745498},
volume = {32},
year = {2012}
}
@article{Cole2009,
author = {Cole, Steve W},
doi = {10.1111/j.1467-8721.2009.01623.x},
issn = {0963-7214},
journal = {Curr. Dir. Psychol. Sci.},
month = {jun},
number = {3},
pages = {132--137},
pmid = {21243077},
publisher = {NIH Public Access},
title = {{Social regulation of human gene expression.}},
url = {http://www.ncbi.nlm.nih.gov/pubmed/21243077},
volume = {18},
year = {2009}
}
@article{Colizza2006,
author = {Colizza, V. and Flammini, A. and Serrano, M. A. and Vespignani, A.},
doi = {10.1038/nphys209},
issn = {1745-2473},
journal = {Nat. Phys.},
number = {2},
pages = {110--115},
publisher = {Nature Publishing Group},
title = {{Detecting rich-club ordering in complex networks}},
url = {http://www.nature.com/doifinder/10.1038/nphys209},
volume = {2},
year = {2006}
}
@article{Collin2014,
author = {Collin, Guusje and Sporns, Olaf and Mandl, Ren{\'{e}} C W and van den Heuvel, Martijn P.},
doi = {10.1093/cercor/bht064},
isbn = {1460-2199 (Electronic)$\backslash$r1047-3211 (Linking)},
issn = {1460-2199},
journal = {Cereb. Cortex},
number = {9},
pages = {2258--67},
pmid = {23551922},
title = {{Structural and functional aspects relating to cost and benefit of rich club organization in the human cerebral cortex.}},
url = {https://www.ncbi.nlm.nih.gov/pubmed/23551922},
volume = {24},
year = {2014}
}
@article{1000GenomesProjectConsortium2010b,
author = {{1000 Genomes Project Consortium}, {\{}fname{\}} and Abecasis, Gon{\c{c}}alo R and Altshuler, David and Auton, Adam and Brooks, Lisa D and Durbin, Richard M and Gibbs, Richard A and Hurles, Matt E and McVean, Gil A},
doi = {10.1038/nature09534},
issn = {1476-4687},
journal = {Nature},
number = {7319},
pages = {1061--73},
pmid = {20981092},
title = {{A map of human genome variation from population-scale sequencing.}},
url = {http://www.ncbi.nlm.nih.gov/pubmed/20981092},
volume = {467},
year = {2010}
}
@article{Corsello2010,
author = {Corsello, Giovanni and Piro, Ettore},
doi = {10.3109/14767058.2010.508218},
issn = {1476-7058},
journal = {J. Matern. Neonatal Med.},
number = {sup3},
pages = {59--62},
pmid = {20807162},
title = {{The world of twins: an update}},
url = {http://www.tandfonline.com/doi/full/10.3109/14767058.2010.508218},
volume = {23},
year = {2010}
}
@article{Crossley2016a,
author = {Crossley, N A and Fox, P T and Bullmore, E T},
doi = {10.1017/S0033291715002895},
issn = {1469-8978},
journal = {Psychol. Med.},
month = {apr},
number = {5},
pages = {897--907},
pmid = {26809184},
title = {{Meta-connectomics: human brain network and connectivity meta-analyses.}},
url = {http://www.ncbi.nlm.nih.gov/pubmed/26809184},
volume = {46},
year = {2016}
}
@article{Crossley2014,
author = {Crossley, Nicolas A and Mechelli, Andrea and Scott, Jessica and Carletti, Francesco and Fox, Peter T and McGuire, Philip and Bullmore, Edward T},
doi = {10.1093/brain/awu132},
issn = {1460-2156},
journal = {Brain a J. Neurol.},
number = {Pt 8},
pages = {2382--95},
pmid = {25057133},
publisher = {Oxford University Press},
title = {{The hubs of the human connectome are generally implicated in the anatomy of brain disorders.}},
url = {http://www.ncbi.nlm.nih.gov/pubmed/25057133},
volume = {137},
year = {2014}
}
@article{Crossley2013,
author = {Crossley, N. A. and Mechelli, A. and Vertes, P. E. and Winton-Brown, T. T. and Patel, A. X. and Ginestet, C. E. and McGuire, P. and Bullmore, E. T.},
doi = {10.1073/pnas.1220826110},
issn = {0027-8424},
journal = {Proc. Natl. Acad. Sci.},
number = {28},
pages = {11583--11588},
pmid = {23798414},
title = {{Cognitive relevance of the community structure of the human brain functional coactivation network}},
url = {http://www.pnas.org/cgi/doi/10.1073/pnas.1220826110},
volume = {110},
year = {2013}
}
